@electronic{Dean:2018,
	Author = {Dean, Shannon M},
	Title = {AHRQ Patient Safety Network: EHR Copy and Paste and Patient Safety},
	Urldate = {Retrieved from https://psnet.ahrq.gov/perspectives/perspective/241}}

@article{March:2016,
  Author = {March, Christopher A and Scholl, Gretchen and Dversdal, Renee K and Richards, Matthew and Wilson, Leah M and Mohan, Vishnu and Gold, Jeffrey A},
	Doi = {10.4300/JGME-D-15-00201.1},
	Journal = {J Grad Med Educ},
	Journal-Full = {Journal of graduate medical education},
	Mesh = {Electronic Health Records; Humans; Internal Medicine; Internship and Residency; Simulation Training},
	Month = {May},
	Number = {2},
	Pages = {237-40},
	Pmc = {PMC4857515},
	Pmid = {27168894},
	Pst = {ppublish},
	Title = {Use of Electronic Health Record Simulation to Understand the Accuracy of Intern Progress Notes},
	Volume = {8},
	Year = {2016},
	Url = {https://doi.org/10.4300/JGME-D-15-00201.1}}

@article{Tsou:2017,
	Author = {Tsou, Amy Y and Lehmann, Christoph U and Michel, Jeremy and Solomon, Ronni and Possanza, Lorraine and Gandhi, Tejal},
	Doi = {10.4338/ACI-2016-09-R-0150},
	Journal = {Appl Clin Inform},
	Journal-Full = {Applied clinical informatics},
	Keywords = {Copy and paste; clinical documentation; electronic health records; health policy; information technology; patient safety},
	Mesh = {Cooperative Behavior; Documentation; Electronic Health Records; Humans; Medical Informatics; Patient Safety; Stakeholder Participation},
	Month = {01},
	Number = {1},
	Pages = {12-34},
	Pmc = {PMC5373750},
	Pmid = {28074211},
	Pst = {epublish},
	Title = {Safe Practices for Copy and Paste in the EHR. Systematic Review, Recommendations, and Novel Model for Health IT Collaboration},
	Volume = {8},
	Year = {2017},
	Url = {https://doi.org/10.4338/ACI-2016-09-R-0150}}

@article{Corwin:2004,
	Author = {Corwin, Howard L and Gettinger, Andrew and Pearl, Ronald G and Fink, Mitchell P and Levy, Mitchell M and Abraham, Edward and MacIntyre, Neil R and Shabot, M Michael and Duh, Mei-Sheng and Shapiro, Marc J},
	Doi = {10.1097/01.CCM.0000104112.34142.79},
	Journal = {Crit Care Med},
	Journal-Full = {Critical care medicine},
	Mesh = {Adult; Aged; Anemia; Blood Chemical Analysis; Blood Transfusion; Cohort Studies; Confidence Intervals; Critical Care; Critical Illness; Erythrocyte Transfusion; Female; Follow-Up Studies; Humans; Intensive Care Units; Male; Middle Aged; Multivariate Analysis; Practice Patterns, Physicians'; Probability; Prospective Studies; Risk Assessment; Severity of Illness Index; Survival Analysis; Treatment Outcome; United States},
	Month = {Jan},
	Number = {1},
	Pages = {39-52},
	Pmid = {14707558},
	Pst = {ppublish},
	Title = {The CRIT Study: Anemia and blood transfusion in the critically ill--current clinical practice in the United States},
	Volume = {32},
	Year = {2004},
	Url = {https://doi.org/10.1097/01.CCM.0000104112.34142.79}}

@article{Cohen:2013,
	Author = {Cohen, Raphael and Elhadad, Michael and Elhadad, No{\'e}mie},
	Doi = {10.1186/1471-2105-14-10},
	Journal = {BMC Bioinformatics},
	Journal-Full = {BMC bioinformatics},
	Mesh = {Algorithms; Data Mining; Electronic Health Records; Health Records, Personal; Humans; Semantics},
	Month = {Jan},
	Pages = {10},
	Pmc = {PMC3599108},
	Pmid = {23323800},
	Pst = {epublish},
	Title = {Redundancy in electronic health record corpora: analysis, impact on text mining performance and mitigation strategies},
	Volume = {14},
	Year = {2013},
	Url = {https://doi.org/10.1186/1471-2105-14-10}}

@article{Cohen:2014,
	Author = {Cohen, Raphael and Aviram, Iddo and Elhadad, Michael and Elhadad, No{\'e}mie},
	Doi = {10.1371/journal.pone.0087555},
	Journal = {PLoS One},
	Journal-Full = {PloS one},
	Mesh = {Algorithms; Data Mining; Documentation; Electronic Health Records; Health Records, Personal; Humans; Models, Statistical},
	Number = {2},
	Pages = {e87555},
	Pmc = {PMC3923754},
	Pmid = {24551060},
	Pst = {epublish},
	Title = {Redundancy-aware topic modeling for patient record notes},
	Volume = {9},
	Year = {2014},
	Url = {https://doi.org/10.1371/journal.pone.0087555}}

@inproceedings{Ceglarek:2013,
	Url = {http://citeseerx.ist.psu.edu/viewdoc/download?doi=10.1.1.677.2660&rep=rep1&type=pdf},
	Author = {Ceglarek, D},
	Booktitle = {COGNITIVE 2013: The Fifth International Conference on Advanced Cognitive Technologies and Applications},
	Organization = {IARIA},
	Title = {Linearithmic corpus to corpus comparison by sentence hashing algorithm SHAPD2},
	Year = {2013}}

@article{Carson:2012,
	Author = {Carson, Jeffrey L and Grossman, Brenda J and Kleinman, Steven and Tinmouth, Alan T and Marques, Marisa B and Fung, Mark K and Holcomb, John B and Illoh, Orieji and Kaplan, Lewis J and Katz, Louis M and Rao, Sunil V and Roback, John D and Shander, Aryeh and Tobian, Aaron A R and Weinstein, Robert and Swinton McLaughlin, Lisa Grace and Djulbegovic, Benjamin and {Clinical Transfusion Medicine Committee of the AABB}},
	Doi = {10.7326/0003-4819-157-1-201206190-00429},
	Journal = {Ann Intern Med},
	Journal-Full = {Annals of internal medicine},
	Mesh = {Acute Coronary Syndrome; Adult; Blood Banks; Child; Decision Support Techniques; Erythrocyte Transfusion; Guideline Adherence; Hemoglobin A; Hospitalization; Humans; Randomized Controlled Trials as Topic; United States},
	Month = {Jul},
	Number = {1},
	Pages = {49-58},
	Pmid = {22751760},
	Pst = {ppublish},
	Title = {Red blood cell transfusion: a clinical practice guideline from the AABB*},
	Volume = {157},
	Year = {2012},
	Url = {https://doi.org/10.7326/0003-4819-157-1-201206190-00429}}

@techreport{copyfind,
	Author = {Bloomfield, LA},
	Lastchecked = {2019},
	Title = {The Plagiarism Resource Site: How WCopyfind and Copyfind work},
	Year = {2011},
	Urldate = {Retrieved from http://plagiarism.bloomfieldmedia.com/How_WCopyfind_and_Copyfind_Work.pdf}}

@electronic{aws,
	Author = {Amazon Web Services, Inc.},
	Title = {Amazon Elastic Compute Cloud (Amazon EC2)},
	Urldate = {Retrieved from https://aws.amazon.com/ec2/}}

@article{Altschul:1990,
	Author = {Altschul, S F and Gish, W and Miller, W and Myers, EW and Lipman, DJ},
	Doi = {10.1016/S0022-2836(05)80360-2},
	Journal = {J Mol Biol},
	Journal-Full = {Journal of molecular biology},
	Mesh = {Algorithms; Amino Acid Sequence; Base Sequence; Databases, Factual; Mutation; Sensitivity and Specificity; Sequence Homology, Nucleic Acid; Software},
	Month = {Oct},
	Number = {3},
	Pages = {403-10},
	Pmid = {2231712},
	Pst = {ppublish},
	Title = {Basic local alignment search tool},
	Volume = {215},
	Year = {1990},
	Url = {https://doi.org/10.1016/S0022-2836(05)80360-2}}

@article{mimiciii,
  title={MIMIC-III, a freely accessible critical care database},
  author={Johnson, Alistair EW and Pollard, Tom J and Shen, Lu and Li-wei, H Lehman and Feng, Mengling and Ghassemi, Mohammad and Moody, Benjamin and Szolovits, Peter and Celi, Leo Anthony and Mark, Roger G},
  journal={Scientific data},
  doi={10.1038/sdata.2016.35},
  volume={3},
  pages={160035},
  year={2016},
  publisher={Nature Publishing Group}
	}

@misc{mimiciiidata,
  author={Pollard, Tom J abd Johnson, Alistair EW},
  title={The MIMIC-III Clinical Database},
  doi={10.13026/C2XW26},
  year={2016},
  howpublished= {http://dx.doi.org/10.13026/C2XW26}
	}

@article{physionet,
  title={PhysioBank, PhysioToolkit, and PhysioNet: components of a new research resource for complex physiologic signals},
  author={Goldberger, Ary L and Amaral, Luis AN and Glass, Leon and Hausdorff, Jeffrey M and Ivanov, Plamen Ch and Mark, Roger G and Mietus, Joseph E and Moody, George B and Peng, Chung-Kang and Stanley, H Eugene},
  journal={Circulation},
  volume={101},
  number={23},
  pages={e215--e220},
  year={2000},
  publisher={Am Heart Assoc}
	}

@book{python3,
	 Author = {Van Rossum, Guido and Drake, Fred L},
	 title = {Python 3 Reference Manual},
	 year = {2009},
	 isbn = {1441412697},
	 publisher = {CreateSpace},
	 address = {Scotts Valley, CA}
	}


@article{Lancichinetti:2015,
	Author = {Lancichinetti, A., Sirer, M. I., Wang, J. X., Acuna, D., Koerding, K., & Amaral, L. A.},
	Year = {2015},
	Doi = {10.1103/PhysRevX.5.011007},
  Title = {High-reproducibility and high-accuracy method for automated topic classification},
	Journal = {Physical Review X},
	Volume = {5},
	Pages =  {011007-1--011007-11}
	}
	
@inproceedings{Mckinney:2010,
  title={Data structures for statistical computing in python},
  author={McKinney, Wes and others},
  booktitle={Proceedings of the 9th Python in Science Conference},
  volume={445},
  pages={51--56},
  year={2010},
  organization={Austin, TX}
}

@article{Meystre:2008,
	Author = {Meystre, SM, and Savova, GK and Kipper-Schuler, KC and Hurdle, JF},
	Year = {2008},
	doi = {10.1055/s-0038-1638592},
	Title = {Extracting information from textual documents in the electronic health record: a review of recent research},
	Journal = {Yearbook of medical informatics},
	Volume = {17},
	Number = {1},
	Pages = {128--144}
	}
	
@misc{Mikolov:2013,
	    title={Distributed Representations of Words and Phrases and their Compositionality},
	    author={Tomas Mikolov and Ilya Sutskever and Kai Chen and Greg Corrado and Jeffrey Dean},
	    year={2013},
	    eprint={1310.4546},
	    archivePrefix={arXiv},
	    primaryClass={cs.CL}
	}
	@INPROCEEDINGS{Su:2008,
	  author={Z. {Su} and B. {Ahn} and K. {Eom} and M. {Kang} and J. {Kim} and M. {Kim}},
	  booktitle={2008 3rd International Conference on Innovative Computing Information and Control},
	  title={Plagiarism Detection Using the Levenshtein Distance and Smith-Waterman Algorithm},
	  year={2008},
	  volume={},
	  number={},
	  pages={569-569}
		}
@article{Thielke:2007,
		title = {Copying and pasting of examinations within the electronic medical record},
		journal = {International Journal of Medical Informatics},
		volume = {76},
		pages = {S122--S128},
		year = {2007},
		note = {Information Technology in Health Care: Sociotechnical Approaches},
		issn = {1386-5056},
		doi = {10.1016/j.ijmedinf.2006.06.004},
		url = {http://www.sciencedirect.com/science/article/pii/S1386505606001663},
		author = {Thielke, S and Hammond, K and Helbig, S}
	}
@Article{Welch:1984,
		  author={ {Welch}},
		  journal={Computer},
		  title={A Technique for High-Performance Data Compression},
		  year={1984},
		  volume={17},
		  number={6},
		  pages={8-19}
			}
@article{Wrenn:2010,
			    author = {Wrenn, Jesse O and Stein, Daniel M and Bakken, Suzanne and Stetson, Peter D},
			    title = "{Quantifying clinical narrative redundancy in an electronic health record}",
			    journal = {Journal of the American Medical Informatics Association},
			    volume = {17},
			    number = {1},
			    pages = {49-53},
			    year = {2010},
			    month = {01},
			    issn = {1067-5027},
			    doi = {10.1197/jamia.M3390},
			    url = {https://doi.org/10.1197/jamia.M3390},
			    eprint = {https://academic.oup.com/jamia/article-pdf/17/1/49/6026060/17-1-49.pdf},
			}
@article{Zhang:2011,
	Author = {Zhang, R and Pakhomov, S and McInnes, B T and Melton, G B},
	Year = {2011},
	Title = {Evaluating measures of redundancy in clinical texts},
	Journal = {AMIA Annu Symp Proc},
	Pages = {1612--1620},
	Url = {https://www.ncbi.nlm.nih.gov/pmc/articles/PMC3243221/}
	}

@article{Gabriel:2018,
	Author = {Rodney A. Gabriel and Tsung-Ting Kuo and Julian McAuley and Chun-Nan Hsu},
	Journal = {Journal of Biomedical Informatics},
	Year = {2018},
	Volume = {82},
	Pages = {63--69}
}
